<?xml version="1.0" encoding="UTF-8"?><record xmlns="http://www.loc.gov/MARC21/slim" xmlns:cinclude="http://apache.org/cocoon/include/1.0" xmlns:zs="http://www.loc.gov/zing/srw/">
  <leader>00678nz  a2200169n  4500</leader>
  <controlfield tag="001">no2001059082</controlfield>
  <controlfield tag="003">DLC</controlfield>
  <controlfield tag="005">20010727071108.0</controlfield>
  <controlfield tag="008">010726n| acannaabn          |a aaa     c</controlfield>
  <datafield tag="010" ind1=" " ind2=" ">
    <subfield code="a">no2001059082</subfield>
  </datafield>
  <datafield tag="035" ind1=" " ind2=" ">
    <subfield code="a">(OCoLC)oca05543193</subfield>
  </datafield>
  <datafield tag="040" ind1=" " ind2=" ">
    <subfield code="a">MoSpS-AV</subfield>
    <subfield code="b">eng</subfield>
    <subfield code="c">MoSpS-AV</subfield>
  </datafield>
  <datafield tag="100" ind1="1" ind2=" ">
    <subfield code="a">Margaritis, Gilles,</subfield>
    <subfield code="d">1919-1965</subfield>
  </datafield>
  <datafield tag="400" ind1="1" ind2=" ">
    <subfield code="a">Margaritis, Giles,</subfield>
    <subfield code="d">1919-1965</subfield>
  </datafield>
  <datafield tag="670" ind1=" " ind2=" ">
    <subfield code="a">L'Atalante [VR] 1992, c1990:</subfield>
    <subfield code="b">opening credits, cast (Gilles Margaritis)</subfield>
  </datafield>
  <datafield tag="670" ind1=" " ind2=" ">
    <subfield code="a">OCLC, Mar. 15, 2001:</subfield>
    <subfield code="b">(hdgs.: Margaritis, Gilles ; Margaritis, Giles ; usage: Gilles Margaritis, Giles Margaritis)</subfield>
  </datafield>
  <datafield tag="670" ind1=" " ind2=" ">
    <subfield code="a">Internet movie database, Mar. 15, 2001:</subfield>
    <subfield code="b">(Gilles Margaritis; b. 1919; d. 1965; actor, 1930s-40s)</subfield>
  </datafield>
</record>